<record><leader>00000cas a22000007a 4500</leader><controlfield tag="001">24569736</controlfield><controlfield tag="008">911016d19381943maumr ne      0    0eng d</controlfield><datafield ind1=" " ind2=" " tag="010"><subfield code="a">sn 91057144 </subfield></datafield><datafield ind1=" " ind2=" " tag="040"><subfield code="a">MGN</subfield><subfield code="b">eng</subfield><subfield code="c">MGN</subfield><subfield code="d">YOX</subfield><subfield code="d">OCLCQ</subfield><subfield code="d">OCLCF</subfield><subfield code="d">OCLCO</subfield></datafield><datafield ind1="1" ind2=" " tag="029"><subfield code="a">AU@</subfield><subfield code="b">000025883245</subfield></datafield><datafield ind1=" " ind2=" " tag="042"><subfield code="a">msc</subfield></datafield><datafield ind1=" " ind2=" " tag="043"><subfield code="a">n-us---</subfield></datafield><datafield ind1="0" ind2="0" tag="245"><subfield code="a">Hellenic world.</subfield></datafield><datafield ind1=" " ind2=" " tag="260"><subfield code="a">Boston, Mass. :</subfield><subfield code="b">Hellenic World Co.</subfield></datafield><datafield ind1=" " ind2=" " tag="300"><subfield code="a">v.</subfield></datafield><datafield ind1=" " ind2=" " tag="310"><subfield code="a">Monthly,</subfield><subfield code="b">Jan. 1940-</subfield></datafield><datafield ind1=" " ind2=" " tag="321"><subfield code="a">Biweekly,</subfield><subfield code="b">1938-Dec. 23, 1939</subfield></datafield><datafield ind1="0" ind2=" " tag="362"><subfield code="a">Vol. 1, no. 1 (Dec. 28, 1938)-</subfield></datafield><datafield ind1="1" ind2=" " tag="362"><subfield code="a">Ceased in 1943?</subfield></datafield><datafield ind1=" " ind2=" " tag="500"><subfield code="a">"Dedicated to the interests of the Greek-Americans."</subfield></datafield><datafield ind1=" " ind2=" " tag="500"><subfield code="a">"The only Greek newspaper in New England published in English."</subfield></datafield><datafield ind1=" " ind2=" " tag="500"><subfield code="a">Editor: George Demeter.</subfield></datafield><datafield ind1=" " ind2="0" tag="650"><subfield code="a">Greek Americans</subfield><subfield code="v">Newspapers.</subfield></datafield><datafield ind1=" " ind2="0" tag="650"><subfield code="a">Greeks</subfield><subfield code="z">United States</subfield><subfield code="v">Newspapers.</subfield></datafield><datafield ind1=" " ind2="4" tag="651"><subfield code="a">Boston (Mass.)</subfield><subfield code="v">Newspapers.</subfield></datafield><datafield ind1=" " ind2="7" tag="655"><subfield code="a">Newspapers.</subfield><subfield code="2">fast</subfield><subfield code="0">(OCoLC)fst01423814</subfield></datafield><datafield ind1=" " ind2="7" tag="650"><subfield code="a">Greek Americans.</subfield><subfield code="2">fast</subfield><subfield code="0">(OCoLC)fst00947109</subfield></datafield><datafield ind1=" " ind2="7" tag="650"><subfield code="a">Greeks.</subfield><subfield code="2">fast</subfield><subfield code="0">(OCoLC)fst00947546</subfield></datafield><datafield ind1=" " ind2="7" tag="651"><subfield code="a">United States.</subfield><subfield code="2">fast</subfield><subfield code="0">(OCoLC)fst01204155</subfield></datafield><datafield ind1=" " ind2=" " tag="752"><subfield code="a">United States</subfield><subfield code="b">Massachusetts</subfield><subfield code="c">Suffolk</subfield><subfield code="d">Boston.</subfield></datafield></record>